%YAML 1.1
%TAG !u! tag:unity3d.com,2011:
--- !u!29 &1
OcclusionCullingSettings:
  m_ObjectHideFlags: 0
  serializedVersion: 2
  m_OcclusionBakeSettings:
    smallestOccluder: 5
    smallestHole: 0.25
    backfaceThreshold: 100
  m_SceneGUID: 00000000000000000000000000000000
  m_OcclusionCullingData: {fileID: 0}
--- !u!104 &2
RenderSettings:
  m_ObjectHideFlags: 0
  serializedVersion: 9
  m_Fog: 0
  m_FogColor: {r: 0.5, g: 0.5, b: 0.5, a: 1}
  m_FogMode: 3
  m_FogDensity: 0.01
  m_LinearFogStart: 0
  m_LinearFogEnd: 300
  m_AmbientSkyColor: {r: 0.212, g: 0.227, b: 0.259, a: 1}
  m_AmbientEquatorColor: {r: 0.114, g: 0.125, b: 0.133, a: 1}
  m_AmbientGroundColor: {r: 0.047, g: 0.043, b: 0.035, a: 1}
  m_AmbientIntensity: 1
  m_AmbientMode: 0
  m_SubtractiveShadowColor: {r: 0.42, g: 0.478, b: 0.627, a: 1}
  m_SkyboxMaterial: {fileID: 10304, guid: 0000000000000000f000000000000000, type: 0}
  m_HaloStrength: 0.5
  m_FlareStrength: 1
  m_FlareFadeSpeed: 3
  m_HaloTexture: {fileID: 0}
  m_SpotCookie: {fileID: 10001, guid: 0000000000000000e000000000000000, type: 0}
  m_DefaultReflectionMode: 0
  m_DefaultReflectionResolution: 128
  m_ReflectionBounces: 1
  m_ReflectionIntensity: 1
  m_CustomReflection: {fileID: 0}
  m_Sun: {fileID: 0}
  m_IndirectSpecularColor: {r: 0.44657874, g: 0.49641258, b: 0.5748172, a: 1}
  m_UseRadianceAmbientProbe: 0
--- !u!157 &3
LightmapSettings:
  m_ObjectHideFlags: 0
  serializedVersion: 12
  m_GIWorkflowMode: 1
  m_GISettings:
    serializedVersion: 2
    m_BounceScale: 1
    m_IndirectOutputScale: 1
    m_AlbedoBoost: 1
    m_EnvironmentLightingMode: 0
    m_EnableBakedLightmaps: 1
    m_EnableRealtimeLightmaps: 0
  m_LightmapEditorSettings:
    serializedVersion: 12
    m_Resolution: 2
    m_BakeResolution: 40
    m_AtlasSize: 1024
    m_AO: 0
    m_AOMaxDistance: 1
    m_CompAOExponent: 1
    m_CompAOExponentDirect: 0
    m_ExtractAmbientOcclusion: 0
    m_Padding: 2
    m_LightmapParameters: {fileID: 0}
    m_LightmapsBakeMode: 1
    m_TextureCompression: 1
    m_FinalGather: 0
    m_FinalGatherFiltering: 1
    m_FinalGatherRayCount: 256
    m_ReflectionCompression: 2
    m_MixedBakeMode: 2
    m_BakeBackend: 1
    m_PVRSampling: 1
    m_PVRDirectSampleCount: 32
    m_PVRSampleCount: 512
    m_PVRBounces: 2
    m_PVREnvironmentSampleCount: 256
    m_PVREnvironmentReferencePointCount: 2048
    m_PVRFilteringMode: 1
    m_PVRDenoiserTypeDirect: 1
    m_PVRDenoiserTypeIndirect: 1
    m_PVRDenoiserTypeAO: 1
    m_PVRFilterTypeDirect: 0
    m_PVRFilterTypeIndirect: 0
    m_PVRFilterTypeAO: 0
    m_PVREnvironmentMIS: 1
    m_PVRCulling: 1
    m_PVRFilteringGaussRadiusDirect: 1
    m_PVRFilteringGaussRadiusIndirect: 5
    m_PVRFilteringGaussRadiusAO: 2
    m_PVRFilteringAtrousPositionSigmaDirect: 0.5
    m_PVRFilteringAtrousPositionSigmaIndirect: 2
    m_PVRFilteringAtrousPositionSigmaAO: 1
    m_ExportTrainingData: 0
    m_TrainingDataDestination: TrainingData
    m_LightProbeSampleCountMultiplier: 4
  m_LightingDataAsset: {fileID: 112000000, guid: 630a54553fb05434b9b04b5325abac4c, type: 2}
  m_LightingSettings: {fileID: 0}
--- !u!196 &4
NavMeshSettings:
  serializedVersion: 2
  m_ObjectHideFlags: 0
  m_BuildSettings:
    serializedVersion: 2
    agentTypeID: 0
    agentRadius: 0.5
    agentHeight: 2
    agentSlope: 45
    agentClimb: 0.4
    ledgeDropHeight: 0
    maxJumpAcrossDistance: 0
    minRegionArea: 2
    manualCellSize: 0
    cellSize: 0.16666667
    manualTileSize: 0
    tileSize: 256
    accuratePlacement: 0
    maxJobWorkers: 0
    preserveTilesOutsideBounds: 0
    debug:
      m_Flags: 0
  m_NavMeshData: {fileID: 0}
--- !u!1001 &9805554
PrefabInstance:
  m_ObjectHideFlags: 0
  serializedVersion: 2
  m_Modification:
    m_TransformParent: {fileID: 247799414}
    m_Modifications:
    - target: {fileID: 100000, guid: b321aed21e0872743a175d8dbbe12ac8, type: 3}
      propertyPath: m_Name
      value: JoinOuterPrototype02x06x02
      objectReference: {fileID: 0}
    - target: {fileID: 400000, guid: b321aed21e0872743a175d8dbbe12ac8, type: 3}
      propertyPath: m_LocalPosition.x
      value: 9.710833
      objectReference: {fileID: 0}
    - target: {fileID: 400000, guid: b321aed21e0872743a175d8dbbe12ac8, type: 3}
      propertyPath: m_LocalPosition.y
      value: -4.8504496
      objectReference: {fileID: 0}
    - target: {fileID: 400000, guid: b321aed21e0872743a175d8dbbe12ac8, type: 3}
      propertyPath: m_LocalPosition.z
      value: -18.620247
      objectReference: {fileID: 0}
    - target: {fileID: 400000, guid: b321aed21e0872743a175d8dbbe12ac8, type: 3}
      propertyPath: m_LocalRotation.x
      value: -0
      objectReference: {fileID: 0}
    - target: {fileID: 400000, guid: b321aed21e0872743a175d8dbbe12ac8, type: 3}
      propertyPath: m_LocalRotation.y
      value: -0
      objectReference: {fileID: 0}
    - target: {fileID: 400000, guid: b321aed21e0872743a175d8dbbe12ac8, type: 3}
      propertyPath: m_LocalRotation.z
      value: -0
      objectReference: {fileID: 0}
    - target: {fileID: 400000, guid: b321aed21e0872743a175d8dbbe12ac8, type: 3}
      propertyPath: m_LocalRotation.w
      value: 1
      objectReference: {fileID: 0}
    - target: {fileID: 400000, guid: b321aed21e0872743a175d8dbbe12ac8, type: 3}
      propertyPath: m_RootOrder
      value: 1
      objectReference: {fileID: 0}
    - target: {fileID: 400000, guid: b321aed21e0872743a175d8dbbe12ac8, type: 3}
      propertyPath: m_LocalEulerAnglesHint.x
      value: 0
      objectReference: {fileID: 0}
    - target: {fileID: 400000, guid: b321aed21e0872743a175d8dbbe12ac8, type: 3}
      propertyPath: m_LocalEulerAnglesHint.y
      value: 0
      objectReference: {fileID: 0}
    - target: {fileID: 400000, guid: b321aed21e0872743a175d8dbbe12ac8, type: 3}
      propertyPath: m_LocalEulerAnglesHint.z
      value: 0
      objectReference: {fileID: 0}
    m_RemovedComponents: []
  m_SourcePrefab: {fileID: 100100000, guid: b321aed21e0872743a175d8dbbe12ac8, type: 3}
--- !u!4 &9805555 stripped
Transform:
  m_CorrespondingSourceObject: {fileID: 400000, guid: b321aed21e0872743a175d8dbbe12ac8, type: 3}
  m_PrefabInstance: {fileID: 9805554}
  m_PrefabAsset: {fileID: 0}
--- !u!1 &9805556 stripped
GameObject:
  m_CorrespondingSourceObject: {fileID: 100000, guid: b321aed21e0872743a175d8dbbe12ac8, type: 3}
  m_PrefabInstance: {fileID: 9805554}
  m_PrefabAsset: {fileID: 0}
--- !u!64 &9805557
MeshCollider:
  m_ObjectHideFlags: 0
  m_CorrespondingSourceObject: {fileID: 0}
  m_PrefabInstance: {fileID: 0}
  m_PrefabAsset: {fileID: 0}
  m_GameObject: {fileID: 9805556}
  m_Material: {fileID: 0}
  m_IsTrigger: 0
  m_Enabled: 1
  serializedVersion: 4
  m_Convex: 0
  m_CookingOptions: 30
  m_Mesh: {fileID: 4300002, guid: 6386a10e23c45d040a22051e6ae3b70f, type: 3}
--- !u!1001 &35981026
PrefabInstance:
  m_ObjectHideFlags: 0
  serializedVersion: 2
  m_Modification:
    m_TransformParent: {fileID: 247799414}
    m_Modifications:
    - target: {fileID: 100000, guid: 4e11ef4f39bc65e44a4b0755ecac6ea1, type: 3}
      propertyPath: m_Name
      value: RampPrototype04x02x02
      objectReference: {fileID: 0}
    - target: {fileID: 400000, guid: 4e11ef4f39bc65e44a4b0755ecac6ea1, type: 3}
      propertyPath: m_LocalPosition.x
      value: -22.941643
      objectReference: {fileID: 0}
    - target: {fileID: 400000, guid: 4e11ef4f39bc65e44a4b0755ecac6ea1, type: 3}
      propertyPath: m_LocalPosition.y
      value: -4.8504496
      objectReference: {fileID: 0}
    - target: {fileID: 400000, guid: 4e11ef4f39bc65e44a4b0755ecac6ea1, type: 3}
      propertyPath: m_LocalPosition.z
      value: -20.93892
      objectReference: {fileID: 0}
    - target: {fileID: 400000, guid: 4e11ef4f39bc65e44a4b0755ecac6ea1, type: 3}
      propertyPath: m_LocalRotation.x
      value: -0
      objectReference: {fileID: 0}
    - target: {fileID: 400000, guid: 4e11ef4f39bc65e44a4b0755ecac6ea1, type: 3}
      propertyPath: m_LocalRotation.y
      value: -0
      objectReference: {fileID: 0}
    - target: {fileID: 400000, guid: 4e11ef4f39bc65e44a4b0755ecac6ea1, type: 3}
      propertyPath: m_LocalRotation.z
      value: -0
      objectReference: {fileID: 0}
    - target: {fileID: 400000, guid: 4e11ef4f39bc65e44a4b0755ecac6ea1, type: 3}
      propertyPath: m_LocalRotation.w
      value: 1
      objectReference: {fileID: 0}
    - target: {fileID: 400000, guid: 4e11ef4f39bc65e44a4b0755ecac6ea1, type: 3}
      propertyPath: m_RootOrder
      value: 9
      objectReference: {fileID: 0}
    - target: {fileID: 400000, guid: 4e11ef4f39bc65e44a4b0755ecac6ea1, type: 3}
      propertyPath: m_LocalEulerAnglesHint.x
      value: 0
      objectReference: {fileID: 0}
    - target: {fileID: 400000, guid: 4e11ef4f39bc65e44a4b0755ecac6ea1, type: 3}
      propertyPath: m_LocalEulerAnglesHint.y
      value: 0
      objectReference: {fileID: 0}
    - target: {fileID: 400000, guid: 4e11ef4f39bc65e44a4b0755ecac6ea1, type: 3}
      propertyPath: m_LocalEulerAnglesHint.z
      value: 0
      objectReference: {fileID: 0}
    m_RemovedComponents: []
  m_SourcePrefab: {fileID: 100100000, guid: 4e11ef4f39bc65e44a4b0755ecac6ea1, type: 3}
--- !u!4 &35981027 stripped
Transform:
  m_CorrespondingSourceObject: {fileID: 400000, guid: 4e11ef4f39bc65e44a4b0755ecac6ea1, type: 3}
  m_PrefabInstance: {fileID: 35981026}
  m_PrefabAsset: {fileID: 0}
--- !u!1 &35981028 stripped
GameObject:
  m_CorrespondingSourceObject: {fileID: 100000, guid: 4e11ef4f39bc65e44a4b0755ecac6ea1, type: 3}
  m_PrefabInstance: {fileID: 35981026}
  m_PrefabAsset: {fileID: 0}
--- !u!64 &35981029
MeshCollider:
  m_ObjectHideFlags: 0
  m_CorrespondingSourceObject: {fileID: 0}
  m_PrefabInstance: {fileID: 0}
  m_PrefabAsset: {fileID: 0}
  m_GameObject: {fileID: 35981028}
  m_Material: {fileID: 0}
  m_IsTrigger: 0
  m_Enabled: 1
  serializedVersion: 4
  m_Convex: 0
  m_CookingOptions: 30
  m_Mesh: {fileID: 4300002, guid: b9d7ac1a0f551404f8d32e1e02b64325, type: 3}
--- !u!1 &180489615
GameObject:
  m_ObjectHideFlags: 0
  m_CorrespondingSourceObject: {fileID: 0}
  m_PrefabInstance: {fileID: 0}
  m_PrefabAsset: {fileID: 0}
  serializedVersion: 6
  m_Component:
  - component: {fileID: 180489617}
  - component: {fileID: 180489616}
  m_Layer: 0
  m_Name: Directional Light
  m_TagString: Untagged
  m_Icon: {fileID: 0}
  m_NavMeshLayer: 0
  m_StaticEditorFlags: 0
  m_IsActive: 1
--- !u!108 &180489616
Light:
  m_ObjectHideFlags: 0
  m_CorrespondingSourceObject: {fileID: 0}
  m_PrefabInstance: {fileID: 0}
  m_PrefabAsset: {fileID: 0}
  m_GameObject: {fileID: 180489615}
  m_Enabled: 1
  serializedVersion: 10
  m_Type: 1
  m_Shape: 0
  m_Color: {r: 1, g: 0.95686275, b: 0.8392157, a: 1}
  m_Intensity: 1
  m_Range: 10
  m_SpotAngle: 30
  m_InnerSpotAngle: 21.80208
  m_CookieSize: 10
  m_Shadows:
    m_Type: 2
    m_Resolution: -1
    m_CustomResolution: -1
    m_Strength: 1
    m_Bias: 0.05
    m_NormalBias: 0.4
    m_NearPlane: 0.2
    m_CullingMatrixOverride:
      e00: 1
      e01: 0
      e02: 0
      e03: 0
      e10: 0
      e11: 1
      e12: 0
      e13: 0
      e20: 0
      e21: 0
      e22: 1
      e23: 0
      e30: 0
      e31: 0
      e32: 0
      e33: 1
    m_UseCullingMatrixOverride: 0
  m_Cookie: {fileID: 0}
  m_DrawHalo: 0
  m_Flare: {fileID: 0}
  m_RenderMode: 0
  m_CullingMask:
    serializedVersion: 2
    m_Bits: 4294967295
  m_RenderingLayerMask: 1
  m_Lightmapping: 4
  m_LightShadowCasterMode: 0
  m_AreaSize: {x: 1, y: 1}
  m_BounceIntensity: 1
  m_ColorTemperature: 6570
  m_UseColorTemperature: 0
  m_BoundingSphereOverride: {x: 0, y: 0, z: 0, w: 0}
  m_UseBoundingSphereOverride: 0
  m_ShadowRadius: 0
  m_ShadowAngle: 0
--- !u!4 &180489617
Transform:
  m_ObjectHideFlags: 0
  m_CorrespondingSourceObject: {fileID: 0}
  m_PrefabInstance: {fileID: 0}
  m_PrefabAsset: {fileID: 0}
  m_GameObject: {fileID: 180489615}
  m_LocalRotation: {x: 0.40821788, y: -0.23456968, z: 0.10938163, w: 0.8754261}
  m_LocalPosition: {x: 0, y: 3, z: 0}
  m_LocalScale: {x: 1, y: 1, z: 1}
  m_Children: []
  m_Father: {fileID: 0}
  m_RootOrder: 1
  m_LocalEulerAnglesHint: {x: 50, y: -30, z: 0}
--- !u!1 &247799413
GameObject:
  m_ObjectHideFlags: 0
  m_CorrespondingSourceObject: {fileID: 0}
  m_PrefabInstance: {fileID: 0}
  m_PrefabAsset: {fileID: 0}
  serializedVersion: 6
  m_Component:
  - component: {fileID: 247799414}
  m_Layer: 0
  m_Name: Environment
  m_TagString: Untagged
  m_Icon: {fileID: 0}
  m_NavMeshLayer: 0
  m_StaticEditorFlags: 0
  m_IsActive: 1
--- !u!4 &247799414
Transform:
  m_ObjectHideFlags: 0
  m_CorrespondingSourceObject: {fileID: 0}
  m_PrefabInstance: {fileID: 0}
  m_PrefabAsset: {fileID: 0}
  m_GameObject: {fileID: 247799413}
  m_LocalRotation: {x: 0, y: 0, z: 0, w: 1}
  m_LocalPosition: {x: 4.5044518, y: 0, z: -14.867882}
  m_LocalScale: {x: 1, y: 1, z: 1}
  m_Children:
  - {fileID: 986577231}
  - {fileID: 9805555}
  - {fileID: 1745777403}
  - {fileID: 1657061713}
  - {fileID: 976336308}
  - {fileID: 1891609016}
  - {fileID: 290071672}
  - {fileID: 1078090805}
  - {fileID: 1617174704}
  - {fileID: 35981027}
  - {fileID: 1826231854}
  m_Father: {fileID: 0}
  m_RootOrder: 2
  m_LocalEulerAnglesHint: {x: 0, y: 0, z: 0}
--- !u!1001 &290071671
PrefabInstance:
  m_ObjectHideFlags: 0
  serializedVersion: 2
  m_Modification:
    m_TransformParent: {fileID: 247799414}
    m_Modifications:
    - target: {fileID: 100000, guid: ab33e6080ae416b4d899f39fa8951b98, type: 3}
      propertyPath: m_Name
      value: BlockPrototype04x04x04
      objectReference: {fileID: 0}
    - target: {fileID: 400000, guid: ab33e6080ae416b4d899f39fa8951b98, type: 3}
      propertyPath: m_LocalPosition.x
      value: 8.269069
      objectReference: {fileID: 0}
    - target: {fileID: 400000, guid: ab33e6080ae416b4d899f39fa8951b98, type: 3}
      propertyPath: m_LocalPosition.y
      value: -4.8504496
      objectReference: {fileID: 0}
    - target: {fileID: 400000, guid: ab33e6080ae416b4d899f39fa8951b98, type: 3}
      propertyPath: m_LocalPosition.z
      value: -5.8357296
      objectReference: {fileID: 0}
    - target: {fileID: 400000, guid: ab33e6080ae416b4d899f39fa8951b98, type: 3}
      propertyPath: m_LocalRotation.x
      value: -0
      objectReference: {fileID: 0}
    - target: {fileID: 400000, guid: ab33e6080ae416b4d899f39fa8951b98, type: 3}
      propertyPath: m_LocalRotation.y
      value: -0
      objectReference: {fileID: 0}
    - target: {fileID: 400000, guid: ab33e6080ae416b4d899f39fa8951b98, type: 3}
      propertyPath: m_LocalRotation.z
      value: -0
      objectReference: {fileID: 0}
    - target: {fileID: 400000, guid: ab33e6080ae416b4d899f39fa8951b98, type: 3}
      propertyPath: m_LocalRotation.w
      value: 1
      objectReference: {fileID: 0}
    - target: {fileID: 400000, guid: ab33e6080ae416b4d899f39fa8951b98, type: 3}
      propertyPath: m_RootOrder
      value: 6
      objectReference: {fileID: 0}
    - target: {fileID: 400000, guid: ab33e6080ae416b4d899f39fa8951b98, type: 3}
      propertyPath: m_LocalEulerAnglesHint.x
      value: 0
      objectReference: {fileID: 0}
    - target: {fileID: 400000, guid: ab33e6080ae416b4d899f39fa8951b98, type: 3}
      propertyPath: m_LocalEulerAnglesHint.y
      value: 0
      objectReference: {fileID: 0}
    - target: {fileID: 400000, guid: ab33e6080ae416b4d899f39fa8951b98, type: 3}
      propertyPath: m_LocalEulerAnglesHint.z
      value: 0
      objectReference: {fileID: 0}
    - target: {fileID: 400000, guid: ab33e6080ae416b4d899f39fa8951b98, type: 3}
      propertyPath: m_LocalScale.y
      value: 0.6613534
      objectReference: {fileID: 0}
    m_RemovedComponents: []
  m_SourcePrefab: {fileID: 100100000, guid: ab33e6080ae416b4d899f39fa8951b98, type: 3}
--- !u!4 &290071672 stripped
Transform:
  m_CorrespondingSourceObject: {fileID: 400000, guid: ab33e6080ae416b4d899f39fa8951b98, type: 3}
  m_PrefabInstance: {fileID: 290071671}
  m_PrefabAsset: {fileID: 0}
--- !u!1 &290071673 stripped
GameObject:
  m_CorrespondingSourceObject: {fileID: 100000, guid: ab33e6080ae416b4d899f39fa8951b98, type: 3}
  m_PrefabInstance: {fileID: 290071671}
  m_PrefabAsset: {fileID: 0}
--- !u!64 &290071674
MeshCollider:
  m_ObjectHideFlags: 0
  m_CorrespondingSourceObject: {fileID: 0}
  m_PrefabInstance: {fileID: 0}
  m_PrefabAsset: {fileID: 0}
  m_GameObject: {fileID: 290071673}
  m_Material: {fileID: 0}
  m_IsTrigger: 0
  m_Enabled: 1
  serializedVersion: 4
  m_Convex: 0
  m_CookingOptions: 30
  m_Mesh: {fileID: 4300002, guid: 622a87b3379022740be7e2efea3ebd33, type: 3}
--- !u!1 &670075875
GameObject:
  m_ObjectHideFlags: 0
  m_CorrespondingSourceObject: {fileID: 0}
  m_PrefabInstance: {fileID: 0}
  m_PrefabAsset: {fileID: 0}
  serializedVersion: 6
  m_Component:
  - component: {fileID: 670075878}
  - component: {fileID: 670075877}
  - component: {fileID: 670075876}
  m_Layer: 0
  m_Name: Main Camera
  m_TagString: MainCamera
  m_Icon: {fileID: 0}
  m_NavMeshLayer: 0
  m_StaticEditorFlags: 0
  m_IsActive: 1
--- !u!81 &670075876
AudioListener:
  m_ObjectHideFlags: 0
  m_CorrespondingSourceObject: {fileID: 0}
  m_PrefabInstance: {fileID: 0}
  m_PrefabAsset: {fileID: 0}
  m_GameObject: {fileID: 670075875}
  m_Enabled: 1
--- !u!20 &670075877
Camera:
  m_ObjectHideFlags: 0
  m_CorrespondingSourceObject: {fileID: 0}
  m_PrefabInstance: {fileID: 0}
  m_PrefabAsset: {fileID: 0}
  m_GameObject: {fileID: 670075875}
  m_Enabled: 1
  serializedVersion: 2
  m_ClearFlags: 1
  m_BackGroundColor: {r: 0.19215687, g: 0.3019608, b: 0.4745098, a: 0}
  m_projectionMatrixMode: 1
  m_GateFitMode: 2
  m_FOVAxisMode: 0
  m_SensorSize: {x: 36, y: 24}
  m_LensShift: {x: 0, y: 0}
  m_FocalLength: 50
  m_NormalizedViewPortRect:
    serializedVersion: 2
    x: 0
    y: 0
    width: 1
    height: 1
  near clip plane: 0.3
  far clip plane: 1000
  field of view: 60
  orthographic: 0
  orthographic size: 5
  m_Depth: -1
  m_CullingMask:
    serializedVersion: 2
    m_Bits: 4294967295
  m_RenderingPath: -1
  m_TargetTexture: {fileID: 0}
  m_TargetDisplay: 0
  m_TargetEye: 3
  m_HDR: 1
  m_AllowMSAA: 1
  m_AllowDynamicResolution: 0
  m_ForceIntoRT: 0
  m_OcclusionCulling: 1
  m_StereoConvergence: 10
  m_StereoSeparation: 0.022
--- !u!4 &670075878
Transform:
  m_ObjectHideFlags: 0
  m_CorrespondingSourceObject: {fileID: 0}
  m_PrefabInstance: {fileID: 0}
  m_PrefabAsset: {fileID: 0}
  m_GameObject: {fileID: 670075875}
  m_LocalRotation: {x: 0, y: 0, z: 0, w: 1}
  m_LocalPosition: {x: 0, y: 1, z: -10}
  m_LocalScale: {x: 1, y: 1, z: 1}
  m_Children: []
  m_Father: {fileID: 0}
  m_RootOrder: 0
  m_LocalEulerAnglesHint: {x: 0, y: 0, z: 0}
--- !u!1001 &976336307
PrefabInstance:
  m_ObjectHideFlags: 0
  serializedVersion: 2
  m_Modification:
    m_TransformParent: {fileID: 247799414}
    m_Modifications:
    - target: {fileID: 100000, guid: 2b127815fd0f2074eae3a0c6a4786d0b, type: 3}
      propertyPath: m_Name
      value: CubePrototype02x02x02
      objectReference: {fileID: 0}
    - target: {fileID: 400000, guid: 2b127815fd0f2074eae3a0c6a4786d0b, type: 3}
      propertyPath: m_LocalPosition.x
      value: -10.931286
      objectReference: {fileID: 0}
    - target: {fileID: 400000, guid: 2b127815fd0f2074eae3a0c6a4786d0b, type: 3}
      propertyPath: m_LocalPosition.y
      value: -4.8504496
      objectReference: {fileID: 0}
    - target: {fileID: 400000, guid: 2b127815fd0f2074eae3a0c6a4786d0b, type: 3}
      propertyPath: m_LocalPosition.z
      value: -15.497681
      objectReference: {fileID: 0}
    - target: {fileID: 400000, guid: 2b127815fd0f2074eae3a0c6a4786d0b, type: 3}
      propertyPath: m_LocalRotation.x
      value: 0.00000008146034
      objectReference: {fileID: 0}
    - target: {fileID: 400000, guid: 2b127815fd0f2074eae3a0c6a4786d0b, type: 3}
      propertyPath: m_LocalRotation.y
      value: -0
      objectReference: {fileID: 0}
    - target: {fileID: 400000, guid: 2b127815fd0f2074eae3a0c6a4786d0b, type: 3}
      propertyPath: m_LocalRotation.z
      value: -0
      objectReference: {fileID: 0}
    - target: {fileID: 400000, guid: 2b127815fd0f2074eae3a0c6a4786d0b, type: 3}
      propertyPath: m_LocalRotation.w
      value: 1
      objectReference: {fileID: 0}
    - target: {fileID: 400000, guid: 2b127815fd0f2074eae3a0c6a4786d0b, type: 3}
      propertyPath: m_RootOrder
      value: 4
      objectReference: {fileID: 0}
    - target: {fileID: 400000, guid: 2b127815fd0f2074eae3a0c6a4786d0b, type: 3}
      propertyPath: m_LocalEulerAnglesHint.x
      value: 0
      objectReference: {fileID: 0}
    - target: {fileID: 400000, guid: 2b127815fd0f2074eae3a0c6a4786d0b, type: 3}
      propertyPath: m_LocalEulerAnglesHint.y
      value: 0
      objectReference: {fileID: 0}
    - target: {fileID: 400000, guid: 2b127815fd0f2074eae3a0c6a4786d0b, type: 3}
      propertyPath: m_LocalEulerAnglesHint.z
      value: 0
      objectReference: {fileID: 0}
    m_RemovedComponents: []
  m_SourcePrefab: {fileID: 100100000, guid: 2b127815fd0f2074eae3a0c6a4786d0b, type: 3}
--- !u!4 &976336308 stripped
Transform:
  m_CorrespondingSourceObject: {fileID: 400000, guid: 2b127815fd0f2074eae3a0c6a4786d0b, type: 3}
  m_PrefabInstance: {fileID: 976336307}
  m_PrefabAsset: {fileID: 0}
--- !u!1 &976336309 stripped
GameObject:
  m_CorrespondingSourceObject: {fileID: 100000, guid: 2b127815fd0f2074eae3a0c6a4786d0b, type: 3}
  m_PrefabInstance: {fileID: 976336307}
  m_PrefabAsset: {fileID: 0}
--- !u!64 &976336310
MeshCollider:
  m_ObjectHideFlags: 0
  m_CorrespondingSourceObject: {fileID: 0}
  m_PrefabInstance: {fileID: 0}
  m_PrefabAsset: {fileID: 0}
  m_GameObject: {fileID: 976336309}
  m_Material: {fileID: 0}
  m_IsTrigger: 0
  m_Enabled: 1
  serializedVersion: 4
  m_Convex: 0
  m_CookingOptions: 30
  m_Mesh: {fileID: 4300002, guid: df4796b594b970842b69211cb0078c5d, type: 3}
--- !u!1001 &986577230
PrefabInstance:
  m_ObjectHideFlags: 0
  serializedVersion: 2
  m_Modification:
    m_TransformParent: {fileID: 247799414}
    m_Modifications:
    - target: {fileID: 100000, guid: d85d3a32fb6157d488e31edf82b7b1c4, type: 3}
      propertyPath: m_Name
      value: StepsPrototype04x02x02
      objectReference: {fileID: 0}
    - target: {fileID: 400000, guid: d85d3a32fb6157d488e31edf82b7b1c4, type: 3}
      propertyPath: m_LocalPosition.x
      value: 8.245548
      objectReference: {fileID: 0}
    - target: {fileID: 400000, guid: d85d3a32fb6157d488e31edf82b7b1c4, type: 3}
      propertyPath: m_LocalPosition.y
      value: -4.8504496
      objectReference: {fileID: 0}
    - target: {fileID: 400000, guid: d85d3a32fb6157d488e31edf82b7b1c4, type: 3}
      propertyPath: m_LocalPosition.z
      value: -9.652119
      objectReference: {fileID: 0}
    - target: {fileID: 400000, guid: d85d3a32fb6157d488e31edf82b7b1c4, type: 3}
      propertyPath: m_LocalRotation.x
      value: -0
      objectReference: {fileID: 0}
    - target: {fileID: 400000, guid: d85d3a32fb6157d488e31edf82b7b1c4, type: 3}
      propertyPath: m_LocalRotation.y
      value: -0
      objectReference: {fileID: 0}
    - target: {fileID: 400000, guid: d85d3a32fb6157d488e31edf82b7b1c4, type: 3}
      propertyPath: m_LocalRotation.z
      value: -0
      objectReference: {fileID: 0}
    - target: {fileID: 400000, guid: d85d3a32fb6157d488e31edf82b7b1c4, type: 3}
      propertyPath: m_LocalRotation.w
      value: 1
      objectReference: {fileID: 0}
    - target: {fileID: 400000, guid: d85d3a32fb6157d488e31edf82b7b1c4, type: 3}
      propertyPath: m_RootOrder
      value: 0
      objectReference: {fileID: 0}
    - target: {fileID: 400000, guid: d85d3a32fb6157d488e31edf82b7b1c4, type: 3}
      propertyPath: m_LocalEulerAnglesHint.x
      value: 0
      objectReference: {fileID: 0}
    - target: {fileID: 400000, guid: d85d3a32fb6157d488e31edf82b7b1c4, type: 3}
      propertyPath: m_LocalEulerAnglesHint.y
      value: 0
      objectReference: {fileID: 0}
    - target: {fileID: 400000, guid: d85d3a32fb6157d488e31edf82b7b1c4, type: 3}
      propertyPath: m_LocalEulerAnglesHint.z
      value: 0
      objectReference: {fileID: 0}
    m_RemovedComponents: []
  m_SourcePrefab: {fileID: 100100000, guid: d85d3a32fb6157d488e31edf82b7b1c4, type: 3}
--- !u!4 &986577231 stripped
Transform:
  m_CorrespondingSourceObject: {fileID: 400000, guid: d85d3a32fb6157d488e31edf82b7b1c4, type: 3}
  m_PrefabInstance: {fileID: 986577230}
  m_PrefabAsset: {fileID: 0}
--- !u!1 &986577232 stripped
GameObject:
  m_CorrespondingSourceObject: {fileID: 100000, guid: d85d3a32fb6157d488e31edf82b7b1c4, type: 3}
  m_PrefabInstance: {fileID: 986577230}
  m_PrefabAsset: {fileID: 0}
--- !u!64 &986577233
MeshCollider:
  m_ObjectHideFlags: 0
  m_CorrespondingSourceObject: {fileID: 0}
  m_PrefabInstance: {fileID: 0}
  m_PrefabAsset: {fileID: 0}
  m_GameObject: {fileID: 986577232}
  m_Material: {fileID: 0}
  m_IsTrigger: 0
  m_Enabled: 1
  serializedVersion: 4
  m_Convex: 0
  m_CookingOptions: 30
  m_Mesh: {fileID: 4300002, guid: 900e53dd850c9cc4281be6fa21bdfea5, type: 3}
--- !u!1001 &1078090804
PrefabInstance:
  m_ObjectHideFlags: 0
  serializedVersion: 2
  m_Modification:
    m_TransformParent: {fileID: 247799414}
    m_Modifications:
    - target: {fileID: 100000, guid: 93e86b57e56570d46814839867bf9a52, type: 3}
      propertyPath: m_Name
      value: WallPrototype08x08x01
      objectReference: {fileID: 0}
    - target: {fileID: 400000, guid: 93e86b57e56570d46814839867bf9a52, type: 3}
      propertyPath: m_LocalPosition.x
      value: 20.895548
      objectReference: {fileID: 0}
    - target: {fileID: 400000, guid: 93e86b57e56570d46814839867bf9a52, type: 3}
      propertyPath: m_LocalPosition.y
      value: -5.3504496
      objectReference: {fileID: 0}
    - target: {fileID: 400000, guid: 93e86b57e56570d46814839867bf9a52, type: 3}
      propertyPath: m_LocalPosition.z
      value: 11.467882
      objectReference: {fileID: 0}
    - target: {fileID: 400000, guid: 93e86b57e56570d46814839867bf9a52, type: 3}
      propertyPath: m_LocalRotation.x
      value: 0.00000005740217
      objectReference: {fileID: 0}
    - target: {fileID: 400000, guid: 93e86b57e56570d46814839867bf9a52, type: 3}
      propertyPath: m_LocalRotation.y
      value: -0.7095412
      objectReference: {fileID: 0}
    - target: {fileID: 400000, guid: 93e86b57e56570d46814839867bf9a52, type: 3}
      propertyPath: m_LocalRotation.z
      value: -0.00000005779947
      objectReference: {fileID: 0}
    - target: {fileID: 400000, guid: 93e86b57e56570d46814839867bf9a52, type: 3}
      propertyPath: m_LocalRotation.w
      value: 0.704664
      objectReference: {fileID: 0}
    - target: {fileID: 400000, guid: 93e86b57e56570d46814839867bf9a52, type: 3}
      propertyPath: m_RootOrder
      value: 7
      objectReference: {fileID: 0}
    - target: {fileID: 400000, guid: 93e86b57e56570d46814839867bf9a52, type: 3}
      propertyPath: m_LocalEulerAnglesHint.x
      value: 0
      objectReference: {fileID: 0}
    - target: {fileID: 400000, guid: 93e86b57e56570d46814839867bf9a52, type: 3}
      propertyPath: m_LocalEulerAnglesHint.y
      value: -90.395
      objectReference: {fileID: 0}
    - target: {fileID: 400000, guid: 93e86b57e56570d46814839867bf9a52, type: 3}
      propertyPath: m_LocalEulerAnglesHint.z
      value: 0
      objectReference: {fileID: 0}
    - target: {fileID: 400000, guid: 93e86b57e56570d46814839867bf9a52, type: 3}
      propertyPath: m_LocalScale.x
      value: 5.143923
      objectReference: {fileID: 0}
    m_RemovedComponents: []
  m_SourcePrefab: {fileID: 100100000, guid: 93e86b57e56570d46814839867bf9a52, type: 3}
--- !u!4 &1078090805 stripped
Transform:
  m_CorrespondingSourceObject: {fileID: 400000, guid: 93e86b57e56570d46814839867bf9a52, type: 3}
  m_PrefabInstance: {fileID: 1078090804}
  m_PrefabAsset: {fileID: 0}
--- !u!1 &1078090806 stripped
GameObject:
  m_CorrespondingSourceObject: {fileID: 100000, guid: 93e86b57e56570d46814839867bf9a52, type: 3}
  m_PrefabInstance: {fileID: 1078090804}
  m_PrefabAsset: {fileID: 0}
--- !u!64 &1078090807
MeshCollider:
  m_ObjectHideFlags: 0
  m_CorrespondingSourceObject: {fileID: 0}
  m_PrefabInstance: {fileID: 0}
  m_PrefabAsset: {fileID: 0}
  m_GameObject: {fileID: 1078090806}
  m_Material: {fileID: 0}
  m_IsTrigger: 0
  m_Enabled: 1
  serializedVersion: 4
  m_Convex: 0
  m_CookingOptions: 30
  m_Mesh: {fileID: 4300002, guid: b5290684820a94548bedb95083785116, type: 3}
--- !u!1001 &1617174703
PrefabInstance:
  m_ObjectHideFlags: 0
  serializedVersion: 2
  m_Modification:
    m_TransformParent: {fileID: 247799414}
    m_Modifications:
    - target: {fileID: 100000, guid: 5862bbfe91a75054ca72c13b555b6ac5, type: 3}
      propertyPath: m_Name
      value: HousePrototype16x16x24
      objectReference: {fileID: 0}
    - target: {fileID: 400000, guid: 5862bbfe91a75054ca72c13b555b6ac5, type: 3}
      propertyPath: m_LocalPosition.x
      value: 24.034971
      objectReference: {fileID: 0}
    - target: {fileID: 400000, guid: 5862bbfe91a75054ca72c13b555b6ac5, type: 3}
      propertyPath: m_LocalPosition.y
      value: -4.8504477
      objectReference: {fileID: 0}
    - target: {fileID: 400000, guid: 5862bbfe91a75054ca72c13b555b6ac5, type: 3}
      propertyPath: m_LocalPosition.z
      value: 35.624924
      objectReference: {fileID: 0}
    - target: {fileID: 400000, guid: 5862bbfe91a75054ca72c13b555b6ac5, type: 3}
      propertyPath: m_LocalRotation.x
      value: -0
      objectReference: {fileID: 0}
    - target: {fileID: 400000, guid: 5862bbfe91a75054ca72c13b555b6ac5, type: 3}
      propertyPath: m_LocalRotation.y
      value: -0
      objectReference: {fileID: 0}
    - target: {fileID: 400000, guid: 5862bbfe91a75054ca72c13b555b6ac5, type: 3}
      propertyPath: m_LocalRotation.z
      value: -0
      objectReference: {fileID: 0}
    - target: {fileID: 400000, guid: 5862bbfe91a75054ca72c13b555b6ac5, type: 3}
      propertyPath: m_LocalRotation.w
      value: 1
      objectReference: {fileID: 0}
    - target: {fileID: 400000, guid: 5862bbfe91a75054ca72c13b555b6ac5, type: 3}
      propertyPath: m_RootOrder
      value: 8
      objectReference: {fileID: 0}
    - target: {fileID: 400000, guid: 5862bbfe91a75054ca72c13b555b6ac5, type: 3}
      propertyPath: m_LocalEulerAnglesHint.x
      value: 0
      objectReference: {fileID: 0}
    - target: {fileID: 400000, guid: 5862bbfe91a75054ca72c13b555b6ac5, type: 3}
      propertyPath: m_LocalEulerAnglesHint.y
      value: 0
      objectReference: {fileID: 0}
    - target: {fileID: 400000, guid: 5862bbfe91a75054ca72c13b555b6ac5, type: 3}
      propertyPath: m_LocalEulerAnglesHint.z
      value: 0
      objectReference: {fileID: 0}
    m_RemovedComponents: []
  m_SourcePrefab: {fileID: 100100000, guid: 5862bbfe91a75054ca72c13b555b6ac5, type: 3}
--- !u!4 &1617174704 stripped
Transform:
  m_CorrespondingSourceObject: {fileID: 400000, guid: 5862bbfe91a75054ca72c13b555b6ac5, type: 3}
  m_PrefabInstance: {fileID: 1617174703}
  m_PrefabAsset: {fileID: 0}
--- !u!1 &1617174705 stripped
GameObject:
  m_CorrespondingSourceObject: {fileID: 100000, guid: 5862bbfe91a75054ca72c13b555b6ac5, type: 3}
  m_PrefabInstance: {fileID: 1617174703}
  m_PrefabAsset: {fileID: 0}
--- !u!64 &1617174706
MeshCollider:
  m_ObjectHideFlags: 0
  m_CorrespondingSourceObject: {fileID: 0}
  m_PrefabInstance: {fileID: 0}
  m_PrefabAsset: {fileID: 0}
  m_GameObject: {fileID: 1617174705}
  m_Material: {fileID: 0}
  m_IsTrigger: 0
  m_Enabled: 1
  serializedVersion: 4
  m_Convex: 0
  m_CookingOptions: 30
  m_Mesh: {fileID: 4300002, guid: ce7348d724aa0fc44aaf53391b9bae9b, type: 3}
--- !u!1001 &1657061712
PrefabInstance:
  m_ObjectHideFlags: 0
  serializedVersion: 2
  m_Modification:
    m_TransformParent: {fileID: 247799414}
    m_Modifications:
    - target: {fileID: 100000, guid: 5862bbfe91a75054ca72c13b555b6ac5, type: 3}
      propertyPath: m_Name
      value: HousePrototype16x16x24 (1)
      objectReference: {fileID: 0}
    - target: {fileID: 400000, guid: 5862bbfe91a75054ca72c13b555b6ac5, type: 3}
      propertyPath: m_LocalPosition.x
      value: -26.587399
      objectReference: {fileID: 0}
    - target: {fileID: 400000, guid: 5862bbfe91a75054ca72c13b555b6ac5, type: 3}
      propertyPath: m_LocalPosition.y
      value: -4.8504486
      objectReference: {fileID: 0}
    - target: {fileID: 400000, guid: 5862bbfe91a75054ca72c13b555b6ac5, type: 3}
      propertyPath: m_LocalPosition.z
      value: 39.677742
      objectReference: {fileID: 0}
    - target: {fileID: 400000, guid: 5862bbfe91a75054ca72c13b555b6ac5, type: 3}
      propertyPath: m_LocalRotation.x
      value: -0
      objectReference: {fileID: 0}
    - target: {fileID: 400000, guid: 5862bbfe91a75054ca72c13b555b6ac5, type: 3}
      propertyPath: m_LocalRotation.y
      value: -0
      objectReference: {fileID: 0}
    - target: {fileID: 400000, guid: 5862bbfe91a75054ca72c13b555b6ac5, type: 3}
      propertyPath: m_LocalRotation.z
      value: -0
      objectReference: {fileID: 0}
    - target: {fileID: 400000, guid: 5862bbfe91a75054ca72c13b555b6ac5, type: 3}
      propertyPath: m_LocalRotation.w
      value: 1
      objectReference: {fileID: 0}
    - target: {fileID: 400000, guid: 5862bbfe91a75054ca72c13b555b6ac5, type: 3}
      propertyPath: m_RootOrder
      value: 3
      objectReference: {fileID: 0}
    - target: {fileID: 400000, guid: 5862bbfe91a75054ca72c13b555b6ac5, type: 3}
      propertyPath: m_LocalEulerAnglesHint.x
      value: 0
      objectReference: {fileID: 0}
    - target: {fileID: 400000, guid: 5862bbfe91a75054ca72c13b555b6ac5, type: 3}
      propertyPath: m_LocalEulerAnglesHint.y
      value: 0
      objectReference: {fileID: 0}
    - target: {fileID: 400000, guid: 5862bbfe91a75054ca72c13b555b6ac5, type: 3}
      propertyPath: m_LocalEulerAnglesHint.z
      value: 0
      objectReference: {fileID: 0}
    m_RemovedComponents: []
  m_SourcePrefab: {fileID: 100100000, guid: 5862bbfe91a75054ca72c13b555b6ac5, type: 3}
--- !u!4 &1657061713 stripped
Transform:
  m_CorrespondingSourceObject: {fileID: 400000, guid: 5862bbfe91a75054ca72c13b555b6ac5, type: 3}
  m_PrefabInstance: {fileID: 1657061712}
  m_PrefabAsset: {fileID: 0}
--- !u!1 &1657061714 stripped
GameObject:
  m_CorrespondingSourceObject: {fileID: 100000, guid: 5862bbfe91a75054ca72c13b555b6ac5, type: 3}
  m_PrefabInstance: {fileID: 1657061712}
  m_PrefabAsset: {fileID: 0}
--- !u!64 &1657061715
MeshCollider:
  m_ObjectHideFlags: 0
  m_CorrespondingSourceObject: {fileID: 0}
  m_PrefabInstance: {fileID: 0}
  m_PrefabAsset: {fileID: 0}
  m_GameObject: {fileID: 1657061714}
  m_Material: {fileID: 0}
  m_IsTrigger: 0
  m_Enabled: 1
  serializedVersion: 4
  m_Convex: 0
  m_CookingOptions: 30
  m_Mesh: {fileID: 4300002, guid: ce7348d724aa0fc44aaf53391b9bae9b, type: 3}
--- !u!1001 &1745777402
PrefabInstance:
  m_ObjectHideFlags: 0
  serializedVersion: 2
  m_Modification:
    m_TransformParent: {fileID: 247799414}
    m_Modifications:
    - target: {fileID: 100000, guid: 90d8e09703679534295bd2cacb73d6de, type: 3}
      propertyPath: m_Name
      value: CubePrototype08x08x08
      objectReference: {fileID: 0}
    - target: {fileID: 400000, guid: 90d8e09703679534295bd2cacb73d6de, type: 3}
      propertyPath: m_LocalPosition.x
      value: -19.016857
      objectReference: {fileID: 0}
    - target: {fileID: 400000, guid: 90d8e09703679534295bd2cacb73d6de, type: 3}
      propertyPath: m_LocalPosition.y
      value: -4.8504496
      objectReference: {fileID: 0}
    - target: {fileID: 400000, guid: 90d8e09703679534295bd2cacb73d6de, type: 3}
      propertyPath: m_LocalPosition.z
      value: 10.000435
      objectReference: {fileID: 0}
    - target: {fileID: 400000, guid: 90d8e09703679534295bd2cacb73d6de, type: 3}
      propertyPath: m_LocalRotation.x
      value: -0
      objectReference: {fileID: 0}
    - target: {fileID: 400000, guid: 90d8e09703679534295bd2cacb73d6de, type: 3}
      propertyPath: m_LocalRotation.y
      value: -0
      objectReference: {fileID: 0}
    - target: {fileID: 400000, guid: 90d8e09703679534295bd2cacb73d6de, type: 3}
      propertyPath: m_LocalRotation.z
      value: -0
      objectReference: {fileID: 0}
    - target: {fileID: 400000, guid: 90d8e09703679534295bd2cacb73d6de, type: 3}
      propertyPath: m_LocalRotation.w
      value: 1
      objectReference: {fileID: 0}
    - target: {fileID: 400000, guid: 90d8e09703679534295bd2cacb73d6de, type: 3}
      propertyPath: m_RootOrder
      value: 2
      objectReference: {fileID: 0}
    - target: {fileID: 400000, guid: 90d8e09703679534295bd2cacb73d6de, type: 3}
      propertyPath: m_LocalEulerAnglesHint.x
      value: 0
      objectReference: {fileID: 0}
    - target: {fileID: 400000, guid: 90d8e09703679534295bd2cacb73d6de, type: 3}
      propertyPath: m_LocalEulerAnglesHint.y
      value: 0
      objectReference: {fileID: 0}
    - target: {fileID: 400000, guid: 90d8e09703679534295bd2cacb73d6de, type: 3}
      propertyPath: m_LocalEulerAnglesHint.z
      value: 0
      objectReference: {fileID: 0}
    m_RemovedComponents: []
  m_SourcePrefab: {fileID: 100100000, guid: 90d8e09703679534295bd2cacb73d6de, type: 3}
--- !u!4 &1745777403 stripped
Transform:
  m_CorrespondingSourceObject: {fileID: 400000, guid: 90d8e09703679534295bd2cacb73d6de, type: 3}
  m_PrefabInstance: {fileID: 1745777402}
  m_PrefabAsset: {fileID: 0}
--- !u!1 &1745777404 stripped
GameObject:
  m_CorrespondingSourceObject: {fileID: 100000, guid: 90d8e09703679534295bd2cacb73d6de, type: 3}
  m_PrefabInstance: {fileID: 1745777402}
  m_PrefabAsset: {fileID: 0}
--- !u!64 &1745777405
MeshCollider:
  m_ObjectHideFlags: 0
  m_CorrespondingSourceObject: {fileID: 0}
  m_PrefabInstance: {fileID: 0}
  m_PrefabAsset: {fileID: 0}
  m_GameObject: {fileID: 1745777404}
  m_Material: {fileID: 0}
  m_IsTrigger: 0
  m_Enabled: 1
  serializedVersion: 4
  m_Convex: 0
  m_CookingOptions: 30
  m_Mesh: {fileID: 4300002, guid: c09052c9b19f0ea4987bc4f4f981252f, type: 3}
--- !u!1001 &1826231853
PrefabInstance:
  m_ObjectHideFlags: 0
  serializedVersion: 2
  m_Modification:
    m_TransformParent: {fileID: 247799414}
    m_Modifications:
    - target: {fileID: 100000, guid: 3681543e5b0f59742b73073cb379cdc6, type: 3}
      propertyPath: m_Name
      value: FloorPrototype64x01x64
      objectReference: {fileID: 0}
    - target: {fileID: 400000, guid: 3681543e5b0f59742b73073cb379cdc6, type: 3}
      propertyPath: m_LocalPosition.x
      value: -4.5044518
      objectReference: {fileID: 0}
    - target: {fileID: 400000, guid: 3681543e5b0f59742b73073cb379cdc6, type: 3}
      propertyPath: m_LocalPosition.y
      value: -3.62
      objectReference: {fileID: 0}
    - target: {fileID: 400000, guid: 3681543e5b0f59742b73073cb379cdc6, type: 3}
      propertyPath: m_LocalPosition.z
      value: 14.867882
      objectReference: {fileID: 0}
    - target: {fileID: 400000, guid: 3681543e5b0f59742b73073cb379cdc6, type: 3}
      propertyPath: m_LocalRotation.x
      value: -0
      objectReference: {fileID: 0}
    - target: {fileID: 400000, guid: 3681543e5b0f59742b73073cb379cdc6, type: 3}
      propertyPath: m_LocalRotation.y
      value: -0
      objectReference: {fileID: 0}
    - target: {fileID: 400000, guid: 3681543e5b0f59742b73073cb379cdc6, type: 3}
      propertyPath: m_LocalRotation.z
      value: -0
      objectReference: {fileID: 0}
    - target: {fileID: 400000, guid: 3681543e5b0f59742b73073cb379cdc6, type: 3}
      propertyPath: m_LocalRotation.w
      value: 1
      objectReference: {fileID: 0}
    - target: {fileID: 400000, guid: 3681543e5b0f59742b73073cb379cdc6, type: 3}
      propertyPath: m_RootOrder
      value: 10
      objectReference: {fileID: 0}
    - target: {fileID: 400000, guid: 3681543e5b0f59742b73073cb379cdc6, type: 3}
      propertyPath: m_LocalEulerAnglesHint.x
      value: 0
      objectReference: {fileID: 0}
    - target: {fileID: 400000, guid: 3681543e5b0f59742b73073cb379cdc6, type: 3}
      propertyPath: m_LocalEulerAnglesHint.y
      value: 0
      objectReference: {fileID: 0}
    - target: {fileID: 400000, guid: 3681543e5b0f59742b73073cb379cdc6, type: 3}
      propertyPath: m_LocalEulerAnglesHint.z
      value: 0
      objectReference: {fileID: 0}
    - target: {fileID: 400000, guid: 3681543e5b0f59742b73073cb379cdc6, type: 3}
      propertyPath: m_LocalScale.x
      value: 1.5
      objectReference: {fileID: 0}
    - target: {fileID: 400000, guid: 3681543e5b0f59742b73073cb379cdc6, type: 3}
      propertyPath: m_LocalScale.z
      value: 1.5
      objectReference: {fileID: 0}
    - target: {fileID: 400000, guid: 3681543e5b0f59742b73073cb379cdc6, type: 3}
      propertyPath: m_LocalScale.y
      value: 1.8542
      objectReference: {fileID: 0}
    m_RemovedComponents: []
  m_SourcePrefab: {fileID: 100100000, guid: 3681543e5b0f59742b73073cb379cdc6, type: 3}
--- !u!4 &1826231854 stripped
Transform:
  m_CorrespondingSourceObject: {fileID: 400000, guid: 3681543e5b0f59742b73073cb379cdc6, type: 3}
  m_PrefabInstance: {fileID: 1826231853}
  m_PrefabAsset: {fileID: 0}
--- !u!1 &1826231855 stripped
GameObject:
  m_CorrespondingSourceObject: {fileID: 100000, guid: 3681543e5b0f59742b73073cb379cdc6, type: 3}
  m_PrefabInstance: {fileID: 1826231853}
  m_PrefabAsset: {fileID: 0}
--- !u!64 &1826231856
MeshCollider:
  m_ObjectHideFlags: 0
  m_CorrespondingSourceObject: {fileID: 0}
  m_PrefabInstance: {fileID: 0}
  m_PrefabAsset: {fileID: 0}
  m_GameObject: {fileID: 1826231855}
  m_Material: {fileID: 0}
  m_IsTrigger: 0
  m_Enabled: 1
  serializedVersion: 4
  m_Convex: 0
  m_CookingOptions: 30
  m_Mesh: {fileID: 4300002, guid: fadddc63520db414bbc9126cbf4743ad, type: 3}
--- !u!1 &1860662975
GameObject:
  m_ObjectHideFlags: 0
  m_CorrespondingSourceObject: {fileID: 0}
  m_PrefabInstance: {fileID: 0}
  m_PrefabAsset: {fileID: 0}
  serializedVersion: 6
  m_Component:
  - component: {fileID: 1860662977}
  - component: {fileID: 1860662976}
  m_Layer: 0
  m_Name: GameManager
  m_TagString: Untagged
  m_Icon: {fileID: 0}
  m_NavMeshLayer: 0
  m_StaticEditorFlags: 0
  m_IsActive: 1
--- !u!114 &1860662976
MonoBehaviour:
  m_ObjectHideFlags: 0
  m_CorrespondingSourceObject: {fileID: 0}
  m_PrefabInstance: {fileID: 0}
  m_PrefabAsset: {fileID: 0}
  m_GameObject: {fileID: 1860662975}
  m_Enabled: 1
  m_EditorHideFlags: 0
  m_Script: {fileID: 11500000, guid: 4b178d4122971fa438af7ec327f88215, type: 3}
  m_Name: 
  m_EditorClassIdentifier: 
  playerPrefab: {fileID: 3062373681944852998, guid: 8ae1d971ce9c7c04d80bb8a2720fa160, type: 3}
--- !u!4 &1860662977
Transform:
  m_ObjectHideFlags: 0
  m_CorrespondingSourceObject: {fileID: 0}
  m_PrefabInstance: {fileID: 0}
  m_PrefabAsset: {fileID: 0}
  m_GameObject: {fileID: 1860662975}
  m_LocalRotation: {x: 0, y: 0, z: 0, w: 1}
  m_LocalPosition: {x: 4.5044518, y: 4.8504496, z: -14.867882}
  m_LocalScale: {x: 1, y: 1, z: 1}
  m_Children: []
  m_Father: {fileID: 0}
  m_RootOrder: 3
  m_LocalEulerAnglesHint: {x: 0, y: 0, z: 0}
--- !u!1001 &1891609015
PrefabInstance:
  m_ObjectHideFlags: 0
  serializedVersion: 2
  m_Modification:
    m_TransformParent: {fileID: 247799414}
    m_Modifications:
    - target: {fileID: 100000, guid: ab33e6080ae416b4d899f39fa8951b98, type: 3}
      propertyPath: m_Name
      value: BlockPrototype04x04x04 (1)
      objectReference: {fileID: 0}
    - target: {fileID: 400000, guid: ab33e6080ae416b4d899f39fa8951b98, type: 3}
      propertyPath: m_LocalPosition.x
      value: -29.337315
      objectReference: {fileID: 0}
    - target: {fileID: 400000, guid: ab33e6080ae416b4d899f39fa8951b98, type: 3}
      propertyPath: m_LocalPosition.y
      value: -4.8504496
      objectReference: {fileID: 0}
    - target: {fileID: 400000, guid: ab33e6080ae416b4d899f39fa8951b98, type: 3}
      propertyPath: m_LocalPosition.z
      value: 0.98233604
      objectReference: {fileID: 0}
    - target: {fileID: 400000, guid: ab33e6080ae416b4d899f39fa8951b98, type: 3}
      propertyPath: m_LocalRotation.x
      value: -0
      objectReference: {fileID: 0}
    - target: {fileID: 400000, guid: ab33e6080ae416b4d899f39fa8951b98, type: 3}
      propertyPath: m_LocalRotation.y
      value: -0
      objectReference: {fileID: 0}
    - target: {fileID: 400000, guid: ab33e6080ae416b4d899f39fa8951b98, type: 3}
      propertyPath: m_LocalRotation.z
      value: -0
      objectReference: {fileID: 0}
    - target: {fileID: 400000, guid: ab33e6080ae416b4d899f39fa8951b98, type: 3}
      propertyPath: m_LocalRotation.w
      value: 1
      objectReference: {fileID: 0}
    - target: {fileID: 400000, guid: ab33e6080ae416b4d899f39fa8951b98, type: 3}
      propertyPath: m_RootOrder
      value: 5
      objectReference: {fileID: 0}
    - target: {fileID: 400000, guid: ab33e6080ae416b4d899f39fa8951b98, type: 3}
      propertyPath: m_LocalEulerAnglesHint.x
      value: 0
      objectReference: {fileID: 0}
    - target: {fileID: 400000, guid: ab33e6080ae416b4d899f39fa8951b98, type: 3}
      propertyPath: m_LocalEulerAnglesHint.y
      value: 0
      objectReference: {fileID: 0}
    - target: {fileID: 400000, guid: ab33e6080ae416b4d899f39fa8951b98, type: 3}
      propertyPath: m_LocalEulerAnglesHint.z
      value: 0
      objectReference: {fileID: 0}
    m_RemovedComponents: []
  m_SourcePrefab: {fileID: 100100000, guid: ab33e6080ae416b4d899f39fa8951b98, type: 3}
--- !u!4 &1891609016 stripped
Transform:
  m_CorrespondingSourceObject: {fileID: 400000, guid: ab33e6080ae416b4d899f39fa8951b98, type: 3}
  m_PrefabInstance: {fileID: 1891609015}
  m_PrefabAsset: {fileID: 0}
--- !u!1 &1891609017 stripped
GameObject:
  m_CorrespondingSourceObject: {fileID: 100000, guid: ab33e6080ae416b4d899f39fa8951b98, type: 3}
  m_PrefabInstance: {fileID: 1891609015}
  m_PrefabAsset: {fileID: 0}
--- !u!64 &1891609018
MeshCollider:
  m_ObjectHideFlags: 0
  m_CorrespondingSourceObject: {fileID: 0}
  m_PrefabInstance: {fileID: 0}
  m_PrefabAsset: {fileID: 0}
  m_GameObject: {fileID: 1891609017}
  m_Material: {fileID: 0}
  m_IsTrigger: 0
  m_Enabled: 1
  serializedVersion: 4
  m_Convex: 0
  m_CookingOptions: 30
  m_Mesh: {fileID: 4300002, guid: 622a87b3379022740be7e2efea3ebd33, type: 3}
